@article{paper01,
  title={An important article},
  author={Case, Test et al.},
  journal={Name of Journal},
  volume={1},
  number={1},
  pages={1-5},
  year={2050},
  publisher={Publisher's name}
}